<?xml version="1.0" encoding="UTF-8"?><record xmlns="http://www.loc.gov/MARC21/slim" xmlns:cinclude="http://apache.org/cocoon/include/1.0" xmlns:zs="http://www.loc.gov/zing/srw/">
  <leader>00518cz  a2200145n  4500</leader>
  <controlfield tag="001">nr 95009022 </controlfield>
  <controlfield tag="003">DLC</controlfield>
  <controlfield tag="005">20001101070315.0</controlfield>
  <controlfield tag="008">950309n| acannaabn          |a aac     c</controlfield>
  <datafield tag="010" ind1=" " ind2=" ">
    <subfield code="a">nr 95009022 </subfield>
  </datafield>
  <datafield tag="035" ind1=" " ind2=" ">
    <subfield code="a">(OCoLC)oca03791244</subfield>
  </datafield>
  <datafield tag="040" ind1=" " ind2=" ">
    <subfield code="a">NNC</subfield>
    <subfield code="b">eng</subfield>
    <subfield code="c">NNC</subfield>
    <subfield code="d">OCoLC</subfield>
  </datafield>
  <datafield tag="100" ind1="1" ind2=" ">
    <subfield code="a">Brzoskiewicz, Dariusz,</subfield>
    <subfield code="d">1965-</subfield>
  </datafield>
  <datafield tag="400" ind1="1" ind2=" ">
    <subfield code="a">Brzo휍혖ska Brzoskiewicz, Dariusz,</subfield>
    <subfield code="d">1965-</subfield>
  </datafield>
  <datafield tag="670" ind1=" " ind2=" ">
    <subfield code="a">Haiku, 1991:</subfield>
    <subfield code="b">t.p. (Dariusz Brzo휍혖ska Brzoskiewicz) copyright statement (Dariusz Broskiewicz) p. 4 of cover (b. 1965; Dariusz "Brzoska" Brzoskiewicz)</subfield>
  </datafield>
</record>